
@Misc{libnl,
  Title                    = {Netlink Library (libnl)},
  Author                   = {Thomas Graf},
  Month                    = {May},
  Year                     = {2011},
  Date                     = {2011-05-09},
  Language                 = {english},
  Organization             = {Swiss Internet User Group},
  Shorthand                = {libnl},
  Url                      = {http://www.carisma.slowglass.com/~tgr/libnl/doc/core.html},
  Version                  = {3.2}
}

@Article{spae,
  Title                    = {Communicating between the kernel and user-space in Linux using Netlink sockets},
  Author                   = {Pablo Neira Ayuso, Rafael M. Gasca, Laurent Lefevre},
  Journal                  = {Software - Practice And Experience},
  Year                     = {2010},
  Month                    = {August},
  Pages                    = {797-810},
  Volume                   = {40}
}

@Misc{wraith,
  Title                    = {Wireless Reconnaissance And Intelligent Target Harvesting},
  Author                   = {Dale V. Patterson},
  Month                    = {April},
  Year                     = {2016},
  Date                     = {2016-04-03},
  Language                 = {english},
  Shorthand                = {wraith},
  Url                      = {https://github.com/wraith-wireless/wraith},
  Version                  = {0.0.6}
}

@Misc{gplv3,
  Title                    = {GNU General Public License},
  Month                    = {June},
  Year                     = {2007},
  Date                     = {2007-06-29},
  Language                 = {english},
  Organization             = {Free Software Foundation},
  Pagination               = {section},
  Shorthand                = {GPL},
  Url                      = {http://www.gnu.org/licenses/gpl.html},
  Version                  = {3}
}
